@article{de2003prevention,
  title={Prevention and treatment of item nonresponse},
  author={De Leeuw, Edith D and Hox, Joop and Huisman, Mark and others},
  journal={JOURNAL OF OFFICIAL STATISTICS-STOCKHOLM-},
  volume={19},
  number={2},
  pages={153--176},
  year={2003},
  publisher={ALMQVIST \& WIKSELL INTERNATIONAL}
}